@article{gray2014systematic,
  title={Systematic model forecast error in Rossby wave structure},
  author={Gray, Suzanne L and Dunning, CM and Methven, John and Masato, Giacomo and Chagnon, Jeffrey M},
  journal={Geophysical Research Letters},
  volume={41},
  number={8},
  pages={2979--2987},
  year={2014},
  publisher={Wiley Online Library}
}
@article{koch2006event,
  title={An event-based jet-stream climatology and typology},
  author={Koch, Patrick and Wernli, Heini and Davies, Huw C},
  journal={International Journal of Climatology: A Journal of the Royal Meteorological Society},
  volume={26},
  number={3},
  pages={283--301},
  year={2006},
  publisher={Wiley Online Library}
}
