@ARTICLE{Brauer2011,
  author = {Brauer, C.~C. and Teuling, A.~J. and Overeem, A. and Van der Velde,
	Y. and Hazenberg, P and Warmerdam, P.~M.~M. and Uijlenhoet, R.},
  title = {Anatomy of extraordinary rainfall and flash flood in a {D}utch lowland
	catchment},
  journal = {Hydrol. Earth Syst. Sci.},
  year = {2011},
  volume = {15},
  pages = {1991--2005}
}